@ARTICLE{survey, 
    author={B. Paden and M. Čáp and S. Z. Yong and D. Yershov and E. Frazzoli},
    journal={IEEE Transactions on Intelligent Vehicles},
    title={A Survey of Motion Planning and Control Techniques for Self-Driving Urban Vehicles},
    year={2016},
    volume={1},
    number={1},
    pages={33-55},
    keywords={feedback;mobile robots;motion control;path planning;pedestrians;road safety;road vehicles;automotive transportation accessibility;automotive transportation efficiency;control algorithms;dynamic environment;feedback control;motion control;motion planning;pedestrians;safety enhancement;safety-critical tasks;self-driving urban vehicles;vehicle mobility model;Autonomous automobiles;Decision making;Feedback control;Intelligent vehicles;Motion planning;Path planning;Trajectory},
    doi={10.1109/TIV.2016.2578706},
    ISSN={2379-8858},
    month={March},}

@article{de_luca,
    title = "Stabilization of the Unicycle Via Dynamic Feedback Linearization",
    journal = "IFAC Proceedings Volumes",
    volume = "33",
    number = "27",
    pages = "687 - 692",
    year = "2000",
    note = "6th IFAC Symposium on Robot Control (SYROCO 2000), Vienna, Austria, 21-23 September 2000",
    issn = "1474-6670",
    doi = "https://doi.org/10.1016/S1474-6670(17)38011-4",
    url = "http://www.sciencedirect.com/science/article/pii/S1474667017380114",
    author = "Alessandro De Luca and Giuseppe Oriolo and Marilena Vendittelli",
    keywords = "Mobile robots, nonholonomic systems, feedback linearization, tracking, stabilization"
}

@Online{ackerman_steering,
title = {Ackerman Steering},
url = {http://datagenetics.com/blog/december12016/index.html},
Urldate = {25.11.2017},
language = {russian}
}


